@book{ghallab2016,
  author    = {Malik Ghallab and
               Dana S. Nau and
               Paolo Traverso},
  title     = {Automated Planning and Acting},
  publisher = {Cambridge University Press},
  year      = {2016}
}

@book{ghallab2004,
  author    = {Malik Ghallab and
               Dana S. Nau and
               Paolo Traverso},
  title     = {Automated Planning - Theory and Practice},
  publisher = {Elsevier},
  year      = {2004}
}

@book{sutton98,
  author    = {Richard S. Sutton and
               Andrew G. Barto},
  title     = {Reinforcement learning - an introduction},
  series    = {Adaptive computation and machine learning},
  publisher = {{MIT} Press},
  year      = {1998}
 }
 
 @book{geffner2013,
  author    = {Hector Geffner and
               Blai Bonet},
  title     = {A Concise Introduction to Models and Methods for Automated Planning},
  series    = {Synthesis Lectures on Artificial Intelligence and Machine Learning},
  publisher = {Morgan {\&} Claypool Publishers},
  year      = {2013}
}

@inproceedings{coeeyes2018,
  author    = {John D. Co{-}Reyes and
               Yuxuan Liu and
               Abhishek Gupta and
               Benjamin Eysenbach and
               Pieter Abbeel and
               Sergey Levine},
  title     = {Self-Consistent Trajectory Autoencoder: Hierarchical Reinforcement
               Learning with Trajectory Embeddings},
  booktitle = {Proceedings of the 35th International Conference on Machine Learning,
               {ICML} 2018, Stockholmsm{\"{a}}ssan, Stockholm, Sweden, July
               10-15, 2018},
  pages     = {1008--1017},
  year      = {2018}
}

@inproceedings{coeeyes2018short,
  author    = {John D. Co{-}Reyes and
               Yuxuan Liu and
               Abhishek Gupta and
               Benjamin Eysenbach and
               Pieter Abbeel and
               Sergey Levine},
  title     = {Self-Consistent Trajectory Autoencoder: Hierarchical Reinforcement
               Learning with Trajectory Embeddings},
  booktitle = {Proceedings of 
               {ICML} 2018},
  pages     = {1008--1017},
  year      = {2018}
}



@inproceedings{donadello2017,
  author    = {Ivan Donadello and
               Luciano Serafini and
               Artur S. d'Avila Garcez},
  title     = {Logic Tensor Networks for Semantic Image Interpretation},
  booktitle = {Proceedings of the Twenty-Sixth International Joint Conference on
               Artificial Intelligence, {IJCAI} 2017, Melbourne, Australia, August
               19-25, 2017},
  pages     = {1596--1602},
  year      = {2017}
}

@inproceedings{donadello2017short,
  author    = {Ivan Donadello and
               Luciano Serafini and
               Artur S. d'Avila Garcez},
  title     = {Logic Tensor Networks for Semantic Image Interpretation},
  booktitle = {Proceedings of {IJCAI} 2017},
  pages     = {1596--1602},
  year      = {2017}
}

@inproceedings{deisenroth2011,
  author    = {Marc Peter Deisenroth and
               Carl Edward Rasmussen and
               Dieter Fox},
  title     = {Learning to Control a Low-Cost Manipulator using Data-Efficient Reinforcement
               Learning},
  booktitle = {Robotics: Science and Systems VII, University of Southern California,
               Los Angeles, CA, USA, June 27-30, 2011},
  year      = {2011}
  }

@article{mnih2015,
  author    = {Volodymyr Mnih and
               Koray Kavukcuoglu and
               David Silver and
               Andrei A. Rusu and
               Joel Veness and
               Marc G. Bellemare and
               Alex Graves and
               Martin A. Riedmiller and
               Andreas Fidjeland and
               Georg Ostrovski and
               Stig Petersen and
               Charles Beattie and
               Amir Sadik and
               Ioannis Antonoglou and
               Helen King and
               Dharshan Kumaran and
               Daan Wierstra and
               Shane Legg and
               Demis Hassabis},
  title     = {Human-level control through deep reinforcement learning},
  journal   = {Nature},
  volume    = {518},
  number    = {7540},
  pages     = {529--533},
  year      = {2015}
  }
  
  @inproceedings{yang2018,
  author    = {Fangkai Yang and
               Daoming Lyu and
               Bo Liu and
               Steven Gustafson},
  title     = {{PEORL:} Integrating Symbolic Planning and Hierarchical Reinforcement
               Learning for Robust Decision-Making},
  booktitle = {Proceedings of the Twenty-Seventh International Joint Conference on
               Artificial Intelligence, {IJCAI} 2018, July 13-19, 2018, Stockholm,
               Sweden.},
  pages     = {4860--4866},
  year      = {2018}
  }
  
  @inproceedings{parr97,
  author    = {Ronald Parr and
               Stuart J. Russell},
  title     = {Reinforcement Learning with Hierarchies of Machines},
  booktitle = {Advances in Neural Information Processing Systems 10, {[NIPS} Conference,
               Denver, Colorado, USA, 1997]},
  pages     = {1043--1049},
  year      = {1997}
  }
  
  @inproceedings{ryan2002,
  author    = {Malcolm R. K. Ryan},
  title     = {Using Abstract Models of Behaviours to Automatically Generate Reinforcement
               Learning Hierarchies},
  booktitle = {Machine Learning, Proceedings of the Nineteenth International Conference
               {(ICML} 2002), University of New South Wales, Sydney, Australia, July
               8-12, 2002},
  pages     = {522--529},
  year      = {2002}
  }
  
  @article{leonetti2016,
  author    = {Matteo Leonetti and
               Luca Iocchi and
               Peter Stone},
  title     = {A synthesis of automated planning and reinforcement learning for efficient,
               robust decision-making},
  journal   = {Artif. Intell.},
  volume    = {241},
  pages     = {103--130},
  year      = {2016}
  }
  
  @inproceedings{zhang2017,
  author    = {Shiqi Zhang and
               Piyush Khandelwal and
               Peter Stone},
  title     = {Dynamically Constructed (PO)MDPs for Adaptive Robot Planning},
  booktitle = {Proceedings of the Thirty-First {AAAI} Conference on Artificial Intelligence,
               February 4-9, 2017, San Francisco, California, {USA.}},
  pages     = {3855--3863},
  year      = {2017}
  }
  
  @inproceedings{sutton90,
  author    = {Richard S. Sutton},
  title     = {Integrated Architectures for Learning, Planning, and Reacting Based
               on Approximating Dynamic Programming},
  booktitle = {Machine Learning, Proceedings of the Seventh International Conference
               on Machine Learning, Austin, Texas, USA, June 21-23, 1990},
  pages     = {216--224},
  year      = {1990}
  }
  @inproceedings{abbeel2006,
  author    = {Pieter Abbeel and
               Morgan Quigley and
               Andrew Y. Ng},
  title     = {Using inaccurate models in reinforcement learning},
  booktitle = {Machine Learning, Proceedings of the Twenty-Third International Conference
               {(ICML} 2006), Pittsburgh, Pennsylvania, USA, June 25-29, 2006},
  pages     = {1--8},
  year      = {2006}
  }
  
  @article{cresswell2013,
  author    = {Stephen Cresswell and
               Thomas Leo McCluskey and
               Margaret Mary West},
  title     = {Acquiring planning domain models using \emph{LOCM}},
  journal   = {Knowledge Eng. Review},
  volume    = {28},
  number    = {2},
  pages     = {195--213},
  year      = {2013}
  }
  
@article{ingrand2017,
author    = {F{\'{e}}lix Ingrand and
               Malik Ghallab},
title     = {Deliberation for autonomous robots: {A} survey},
journal   = {Artif. Intell.},
volume    = {247},
pages     = {10--44},
year      = {2017}
}

@article{kaelbling96,
  author    = {Leslie Pack Kaelbling and
               Michael L. Littman and
               Andrew W. Moore},
  title     = {Reinforcement Learning: {A} Survey},
  journal   = {J. Artif. Intell. Res.},
  volume    = {4},
  pages     = {237--285},
  year      = {1996}
  }
  
@inproceedings{bogomolov2014,
author    = {Sergiy Bogomolov and
               Daniele Magazzeni and
               Andreas Podelski and
               Martin Wehrle},
title     = {Planning as Model Checking in Hybrid Domains},
booktitle = {Proceedings of the Twenty-Eighth {AAAI} Conference on Artificial Intelligence,
               July 27 -31, 2014, Qu{\'{e}}bec City, Qu{\'{e}}bec, Canada.},
  pages     = {2228--2234},
  year      = {2014}
}

@article{henaff2017,
  author    = {Mikael Henaff and
               William F. Whitney and
               Yann LeCun},
  title     = {Model-Based Planning in Discrete Action Spaces},
  journal   = {CoRR},
  volume    = {abs/1705.07177},
  year      = {2017}
  }

@ARTICLE{henaff2017ArXiv,
   author = {{Henaff}, M. and {Whitney}, W.~F. and {LeCun}, Y.},
    title = "{Model-Based Planning with Discrete and Continuous Actions}",
  journal = {ArXiv e-prints},
archivePrefix = "arXiv",
   eprint = {1705.07177},
 primaryClass = "cs.AI",
 keywords = {Computer Science - Artificial Intelligence},
     year = 2017
}



@inproceedings{gregory2016,
  author    = {Peter Gregory and
               Stephen Cresswell},
  title     = {Domain Model Acquisition in the Presence of Static Relations in the
               {LOP} System},
  booktitle = {Proceedings of the Twenty-Fifth International Joint Conference on
               Artificial Intelligence, {IJCAI} 2016, New York, NY, USA, 9-15 July
               2016},
  pages     = {4160--4164},
  year      = {2016}
}

@inproceedings{mccluskey2009,
  author    = {Thomas Leo McCluskey and
               Stephen Cresswell and
               N. Elisabeth Richardson and
               Margaret Mary West},
  title     = {Automated Acquisition of Action Knowledge},
  booktitle = {{ICAART} 2009 - Proceedings of the International Conference on Agents
               and Artificial Intelligence, Porto, Portugal, January 19 - 21, 2009},
  pages     = {93--100},
  year      = {2009}
}

@inproceedings{mourao2012,
  author    = {Kira Mour{\~{a}}o and
               Luke S. Zettlemoyer and
               Ronald P. A. Petrick and
               Mark Steedman},
  title     = {Learning {STRIPS} Operators from Noisy and Incomplete Observations},
  booktitle = {Proceedings of the Twenty-Eighth Conference on Uncertainty in Artificial
               Intelligence, Catalina Island, CA, USA, August 14-18, 2012},
  pages     = {614--623},
  year      = {2012}
}

@inproceedings{zhuo2013,
  author    = {Hankz Hankui Zhuo and
               Subbarao Kambhampati},
  title     = {Action-Model Acquisition from Noisy Plan Traces},
  booktitle = {{IJCAI} 2013, Proceedings of the 23rd International Joint Conference
               on Artificial Intelligence, Beijing, China, August 3-9, 2013},
  pages     = {2444--2450},
  year      = {2013}
}

@inproceedings{mehta2011,
  author    = {Neville Mehta and
               Prasad Tadepalli and
               Alan Fern},
  title     = {Autonomous Learning of Action Models for Planning},
  booktitle = {Advances in Neural Information Processing Systems 24: 25th Annual
               Conference on Neural Information Processing Systems 2011. Proceedings
               of a meeting held 12-14 December 2011, Granada, Spain.},
  pages     = {2465--2473},
  year      = {2011}
}


@book{bishop2006,
 author = {Bishop, Christopher M.},
 title = {Pattern Recognition and Machine Learning (Information Science and Statistics)},
 year = {2006},
 isbn = {0387310738},
 publisher = {Springer-Verlag},
 address = {Berlin, Heidelberg},
} 

